<record><leader>00000cas a22000007a 4500</leader><controlfield tag="001">27839013</controlfield><controlfield tag="008">930401d19uu19uunyuwr ne      0    0eng d</controlfield><datafield ind1=" " ind2=" " tag="010"><subfield code="a">sn 93063585 </subfield></datafield><datafield ind1=" " ind2=" " tag="040"><subfield code="a">NYS</subfield><subfield code="b">eng</subfield><subfield code="c">NYS</subfield><subfield code="d">OCLCQ</subfield><subfield code="d">OCLCF</subfield><subfield code="d">OCLCO</subfield></datafield><datafield ind1=" " ind2=" " tag="042"><subfield code="a">msc</subfield></datafield><datafield ind1=" " ind2=" " tag="043"><subfield code="a">n-us-ny</subfield></datafield><datafield ind1="0" ind2="0" tag="245"><subfield code="a">Adirondack weekly advertiser.</subfield></datafield><datafield ind1="1" ind2="3" tag="246"><subfield code="a">Adirondack weekly advertiser and the Saranac Lake shopping news</subfield></datafield><datafield ind1="3" ind2="0" tag="246"><subfield code="a">Saranac Lake shopping news</subfield></datafield><datafield ind1=" " ind2=" " tag="260"><subfield code="a">Saranac Lake, N.Y. :</subfield><subfield code="b">[s.n.]</subfield></datafield><datafield ind1=" " ind2=" " tag="300"><subfield code="a">v.</subfield></datafield><datafield ind1=" " ind2=" " tag="580"><subfield code="a">"Published as a supplement to the Adirondack Daily Enterprise."</subfield></datafield><datafield ind1=" " ind2=" " tag="588"><subfield code="a">Description based on: Vol. 3, no. 12 (May 22, 1942).</subfield></datafield><datafield ind1=" " ind2="0" tag="651"><subfield code="a">Saranac Lake (N.Y.)</subfield><subfield code="v">Newspapers.</subfield></datafield><datafield ind1=" " ind2="0" tag="651"><subfield code="a">Franklin County (N.Y.)</subfield><subfield code="v">Newspapers.</subfield></datafield><datafield ind1=" " ind2="7" tag="655"><subfield code="a">Newspapers.</subfield><subfield code="2">fast</subfield><subfield code="0">(OCoLC)fst01423814</subfield></datafield><datafield ind1=" " ind2="7" tag="651"><subfield code="a">New York (State)</subfield><subfield code="z">Franklin County.</subfield><subfield code="2">fast</subfield><subfield code="0">(OCoLC)fst01212304</subfield></datafield><datafield ind1=" " ind2="7" tag="651"><subfield code="a">New York (State)</subfield><subfield code="z">Saranac Lake.</subfield><subfield code="2">fast</subfield><subfield code="0">(OCoLC)fst01211426</subfield></datafield><datafield ind1=" " ind2=" " tag="752"><subfield code="a">United States</subfield><subfield code="b">New York</subfield><subfield code="c">Franklin</subfield><subfield code="d">Saranac Lake.</subfield></datafield><datafield ind1="1" ind2=" " tag="772"><subfield code="t">Adirondack daily enterprise</subfield><subfield code="w">(DLC)sn 86033360</subfield><subfield code="w">(OCoLC)13511539</subfield></datafield></record>